# 01
@article{ Artmann14,
Author = {Artmann, Martina},
Title = {{Assessment of Soil Sealing Management Responses, Strategies, and Targets
   Toward Ecologically Sustainable Urban Land Use Management}},
Journal = {{AMBIO}},
Year = {{2014}},
Volume = {{43}},
Number = {{4, SI}},
Pages = {{530-541}},
Month = {{MAY}},
DOI = {{10.1007/s13280-014-0511-1}},
ISSN = {{0044-7447}},
EISSN = {{1654-7209}},
ORCID-Numbers = {{Artmann, Martina/0000-0003-3119-4314}},
Unique-ID = {{ISI:000334442400011}},
}

# 02
@article{ Alvarado18,
Author = {Garcia Alvarado, Jose Maria and Garcia Rodriguez, Pilar and Perez
   Gonzalez, Ma Eufenia},
Title = {{Soil Sealing from Remote Sensing and GIS in the Urban Development
   Program (PAU) of Southeast of Madrid (Spain)}},
Journal = {{CUADERNOS GEOGRAFICOS}},
Year = {{2018}},
Volume = {{57}},
Number = {{1}},
Pages = {{39-60}},
DOI = {{10.30827/cuadgeo.v57i1.5360}},
ISSN = {{0210-5462}},
Unique-ID = {{ISI:000433054400002}},
}

# 03
@article{ Bishop98,
title = "Planning support: hardware and software in search of a system",
journal = "Computers, Environment and Urban Systems",
volume = "22",
number = "3",
pages = "189 - 202",
year = "1998",
issn = "0198-9715",
doi = "https://doi.org/10.1016/S0198-9715(98)00047-7",
url = "http://www.sciencedirect.com/science/article/pii/S0198971598000477",
author = "Ian D Bishop",
}

# 04
@article{ Calzolari16,
title = "A methodological framework to assess the multiple contributions of soils to ecosystem services delivery at regional scale",
journal = "Geoderma",
volume = "261",
pages = "190 - 203",
year = "2016",
issn = "0016-7061",
doi = "https://doi.org/10.1016/j.geoderma.2015.07.013",
url = "http://www.sciencedirect.com/science/article/pii/S0016706115300239",
author = "Costanza Calzolari and Fabrizio Ungaro and Nicola Filippi and Marina Guermandi and Francesco Malucelli and Nazaria Marchi and Francesca Staffilani and Paola Tarocco",
}

# 05
@article{ Carsjens07,
author = {Carsjens, Gerrit and Ligtenberg, Arend},
year = {2007},
month = {03},
pages = {72-83},
title = {A GIS-based support tool for sustainable spatial planning in metropolitan areas},
volume = {80},
journal = {Landscape and Urban Planning},
doi = {10.1016/j.landurbplan.2006.06.004}
}

# 06 Carver
@article{ Carver03,
author = {Carver, Steve},
year = {2003},
pages = {61-71},
title = {The future of participatory approaches using geographic information: Developing a research agenda for the 21st century},
volume = {15},
journal = {Urisa Journal},
}

# 07 Choi
@Article{su8030286,
AUTHOR = {Choi, Hee-Sun and Lee, Gil-Sang},
TITLE = {Planning Support Systems (PSS)-Based Spatial Plan Alternatives and Environmental Assessment},
JOURNAL = {Sustainability},
VOLUME = {8},
YEAR = {2016},
NUMBER = {3},
ARTICLE-NUMBER = {286},
URL = {https://www.mdpi.com/2071-1050/8/3/286},
ISSN = {2071-1050},
DOI = {10.3390/su8030286}
}


# 08 SWD


# 09
@article{ Dunbar13,
Author = {Dunbar, Martha Bonnet and Panagos, Panos and Montanarella, Luca},
Title = {{European perspective of ecosystem services and related policies}},
Journal = {{INTEGRATED ENVIRONMENTAL ASSESSMENT AND MANAGEMENT}},
Year = {{2013}},
Volume = {{9}},
Number = {{2}},
Pages = {{231-236}},
Month = {{APR}},
DOI = {{10.1002/ieam.1400}},
ISSN = {{1551-3777}},
EISSN = {{1551-3793}},
ResearcherID-Numbers = {{Panagos, Panos/F-1699-2011}},
ORCID-Numbers = {{Panagos, Panos/0000-0003-1484-2738}},
Unique-ID = {{ISI:000316811300008}},
}

# 10 EC

# 12 EC

# 13 EC

# 14 EC

# 15 EEA

# 16 FAO

# 17 Fedra
@article{ Fedra98,
author = {Fedra, K., and Feoli, E.},
year = {1998},
pages = {171-179},
title = {GIS technology and spatial analysis in coastal zone management},
volume = {3},
journal = {EEZ Technology},
}

# 18 Geertman
@book{Geertman,
    author    = "Geertman, Stan and Stillwell, John",
    title     = "Planning support systems in practice",
    year      = "2012",
    publisher = "Springer Science \& Business Media",
    address   = "Heidelberg, Berlin",
    doi 	  = "10.1007/978-3-540-24795-1"
}

# 19 Harms
@inproceedings{Harms95,
	author	= "Harms, W. B. ",
	title	= "Scenarios for nature development",
	booktitle= "Scenario studies for the rural environment",
	publisher= "Springer",
	editor	= "Schoute, Job F. Th. and Finke, Peter A. and Veeneklaas, Frank R. and Wolfert Henk P.",
	%volume	= "",
	%number	= "",
	series	= "Environment \& Policy",
	%type	= "",
	%chapter= "",
	%pages	= "",
	address= "Heidelberg, Berlin",
	%edition= "",
	year	= "1995",
	%month	= "",
	%note	= "",
	doi     = "10.1007/978-94-011-0441-8"
}


# 20 Hawkins
@article{Hawkins02,
author = {Hawkins, V and Selman, P},
year = {2002},
month = {08},
pages = {211-224},
title = {Landscape Scale Planning: Exploring Alternative Land Use Scenarios},
volume = {60},
journal = {Landscape and Urban Planning},
doi = {10.1016/S0169-2046(02)00056-7}
}


# 22 ISPRA

# 23 ISPRA

# 24 Jaeger
@article{Jaeger08,
title = "Implementing Landscape Fragmentation as an Indicator in the Swiss Monitoring System of Sustainable Development (Monet)",
journal = "Journal of Environmental Management",
volume = "88",
number = "4",
pages = "737 - 751",
year = "2008",
issn = "0301-4797",
doi = "https://doi.org/10.1016/j.jenvman.2007.03.043",
url = "http://www.sciencedirect.com/science/article/pii/S0301479707001387",
author = "Jochen A.G. Jaeger and René Bertiller and Christian Schwick and Kalin Müller and Charlotte Steinmeier and Klaus C. Ewald and Jaboury Ghazoul",
}


# 25 Keesstra
@Article{ Keesstra16,
AUTHOR = {Keesstra, S. D. and Bouma, J. and Wallinga, J. and Tittonell, P. and Smith, P. and Cerd\`a, A. and Montanarella, L. and Quinton, J. N. and Pachepsky, Y. and van der Putten, W. H. and Bardgett, R. D. and Moolenaar, S. and Mol, G. and Jansen, B. and Fresco, L. O.},
TITLE = {The significance of soils and soil science towards realization of the
United Nations Sustainable Development Goals},
JOURNAL = {SOIL},
VOLUME = {2},
YEAR = {2016},
NUMBER = {2},
PAGES = {111--128},
URL = {https://www.soil-journal.net/2/111/2016/},
DOI = {10.5194/soil-2-111-2016}
}



# 26 King
@article{King16,
title = "Functional sustainability indicators",
journal = "Ecological Indicators",
volume = "66",
pages = "121 - 131",
year = "2016",
issn = "1470-160X",
doi = "https://doi.org/10.1016/j.ecolind.2016.01.027",
author = "Lester O. King",
}


# 27 Maclaren
@article{ Maclaren96,
author = { Virginia W.   Maclaren },
title = {Urban Sustainability Reporting},
journal = {Journal of the American Planning Association},
volume = {62},
number = {2},
pages = {184-202},
year  = {1996},
publisher = {Routledge},
doi = {10.1080/01944369608975684},
URL = { https://doi.org/10.1080/01944369608975684},
eprint = { https://doi.org/10.1080/01944369608975684}
}

# 28 Malczewski
@article{Malczewski04,
title = "GIS-based land-use suitability analysis: a critical overview",
journal = "Progress in Planning",
volume = "62",
number = "1",
pages = "3 - 65",
year = "2004",
issn = "0305-9006",
doi = "https://doi.org/10.1016/j.progress.2003.09.002",
author = "Jacek Malczewski",
}

# 29 Malczewski
@article{ Malczewski06,
author = { Jacek   Malczewski },
title = {GIS‐based multicriteria decision analysis: a survey of the literature},
journal = {International Journal of Geographical Information Science},
volume = {20},
number = {7},
pages = {703-726},
year  = {2006},
publisher = {Taylor & Francis},
doi = {10.1080/13658810600661508},
ìURL = {https://doi.org/10.1080/13658810600661508},
eprint = {https://doi.org/10.1080/13658810600661508}
}

# 30 Meyer
@article{ Meyer08,
author = { Burghard   Christian   Meyer  and  Ralf   Grabaum },
title = {MULBO: Model framework for multicriteria landscape assessment and optimisation. A support system for spatial land use decisions},
journal = {Landscape Research},
volume = {33},
number = {2},
pages = {155-179},
year  = {2008},
publisher = {Routledge},
doi = {10.1080/01426390801907428},
URL = {https://doi.org/10.1080/01426390801907428},
eprint = {https://doi.org/10.1080/01426390801907428}
}

# 31 Munafò
@article{ Munafo13,
title = "Estimating soil sealing rate at national level—Italy as a case study",
journal = "Ecological Indicators",
volume = "26",
pages = "137 - 140",
year = "2013",
issn = "1470-160X",
doi = "https://doi.org/10.1016/j.ecolind.2012.11.001",
url = "http://www.sciencedirect.com/science/article/pii/S1470160X12003810",
author = "Michele Munafò and Luca Salvati and Marco Zitti",
}

# 32 Piero Manna
@ARTICLE{ Piero17,
author={Piero, M. and Angelo, B. and Antonello, B. and Amedeo, D. and Carlo, D.M. and Michela, I. and Giuliano, L. and Florindo, M.A. and Paolo, P. and Simona, V. and Fabio, T.},
title={Soil Sealing: Quantifying Impacts on Soil Functions by a Geospatial Decision Support System},
journal={Land Degradation and Development},
year={2017},
volume={28},
number={8},
pages={2513-2526},
doi={10.1002/ldr.2802},
note={cited By 0},
url={https://www.scopus.com/inward/record.uri?eid=2-s2.0-85032927346&doi=10.1002%2fldr.2802&partnerID=40&md5=27f3174f8d4a2d3c3033413b88f06793},
document_type={Article},
source={Scopus},
}

# 33 Tanguay
@article{ Tanguay10,
title = "Measuring the sustainability of cities: An analysis of the use of local indicators",
journal = "Ecological Indicators",
volume = "10",
number = "2",
pages = "407 - 418",
year = "2010",
issn = "1470-160X",
doi = "https://doi.org/10.1016/j.ecolind.2009.07.013",
author = "Georges A. Tanguay and Juste Rajaonson and Jean-François Lefebvre and Paul Lanoie",
}

# 34 Torresan
@article { Torresan16,
	title = {DESYCO: A decision support system for the regional risk assessment of climate change impacts in coastal zones},
	journal = {Ocean \& Coastal Management},
	volume = {120},
	year = {2016},
	month = {02/2016},
	pages = {49 - 63},
	issn = {09645691},
	doi = {10.1016/j.ocecoaman.2015.11.003},
	url = {http://www.sciencedirect.com/science/article/pii/S0964569115300545},
	author = {Torresan, Silvia and Critto, Andrea and Rizzi, Jonathan and Zabeo, Alex and Furlan, Elisa and Marcomini, Antonio}
}

# 35 UN


# 36 Vanderhaegen 
@article{ Vanderhaegen05,
title = "Contribution of a European spatial data infrastructure to the effectiveness of EIA and SEA studies",
journal = "Environmental Impact Assessment Review",
volume = "25",
number = "2",
pages = "123 - 142",
year = "2005",
issn = "0195-9255",
doi = "https://doi.org/10.1016/j.eiar.2004.06.011",
url = "http://www.sciencedirect.com/science/article/pii/S0195925504000782",
author = "Marc Vanderhaegen and Eva Muro",
}

# 37 Volk
@article{Volk10,
  title={How Can We Make Progress with Decision Support Systems in Landscape and River Basin Management? Lessons Learned from a Comparative Analysis of Four Different Decision Support Systems},
  author={Martin Volk and Sven Lautenbach and Hedwig van Delden and Lachlan T. H. Newham and Ralf Seppelt},
  journal={Environmental Management},
  year={2010},
  volume={46},
  pages={834-849}
}

# 38 von Haaren
@article{ vonHaaren06,
author = { Christina   Von Haaren  and  Bartlett   Warren-Kretzschmar },
title = {The interactive landscape plan: Use and benefits of new technologies in landscape planning and discussion of the interactive landscape plan in Koenigslutter am Elm, Germany},
journal = {Landscape Research},
volume = {31},
number = {1},
pages = {83-105},
year  = {2006},
publisher = {Routledge},
doi = {10.1080/01426390500448625},
URL = {https://doi.org/10.1080/01426390500448625},
eprint = {https://doi.org/10.1080/01426390500448625}
}


# 39
@article{ Xiang03,
author = {Wei-Ning Xiang and Keith C Clarke},
title ={The Use of Scenarios in Land-Use Planning},
journal = {Environment and Planning B: Planning and Design},
volume = {30},
number = {6},
pages = {885-909},
year = {2003},
doi = {10.1068/b2945},
URL = {https://doi.org/10.1068/b2945},
eprint = {https://doi.org/10.1068/b2945},
}




# OTHER:
@article{BUCHHOLZ2009484,
title = "Multi Criteria Analysis for bioenergy systems assessments",
journal = "Energy Policy",
volume = "37",
number = "2",
pages = "484 - 495",
year = "2009",
issn = "0301-4215",
doi = "https://doi.org/10.1016/j.enpol.2008.09.054",
url = "http://www.sciencedirect.com/science/article/pii/S0301421508005119",
author = "Thomas Buchholz and Ewald Rametsteiner and Timothy A. Volk and Valerie A. Luzadis",
}


@inproceedings{Carver01,
  title={The Future of Participatory Approaches Using Geographic Information : developing a research agenda for the 21 st Century Steve Carver},
  author={S. J. Joseph Carver},
  year={2001}
}